@online{centuryspring,
	author = {Century Spring},
	title = {Introduction to Spring Materials},
    year   = {2024},
	url    = {https://www.centuryspring.com/resources/types-of-spring-materials-and-their-applications},
	note   = {Acesso em: 24 set. 2024}
}

@online{waelzholz,
	author = {Waelzholz},
	title = {AÃ§os mola com limite de escoamento perfeitamente ajustado},
    year   = {2024},
	url    = {https://www.waelzholz.com/pt/produtos/aco-relaminado/aco-mola.html},
	note   = {Acesso em: 26 set. 2024}
}
