@online{MetroSP,
	author = {{Metrô de SP}},
	title = {Canal de Transparência do Metrô de SP},
	url = {https://transparencia.metrosp.com.br/dataset/canais-de-atendimento-ger%C3%AAncia-de-opera%C3%A7%C3%B5es},
        year = {2023},
	note   = {Acesso em: 08 mar. 2024}
}


@online{IBGE,
	author = {IBGE},
	title = {IBGE Cidades},
	url = {https://cidades.ibge.gov.br/brasil/sp/sao-paulo/panorama},
        year = {2022},
	note =    {Acesso em: 22 mar. 2024}
}

@online{Metro,
	author = {Redação Mobilidade },
	title = {Linha 1-Azul: conheça a história da primeira linha de metrô de SP},
	url = {https://mobilidade.estadao.com.br/meios-de-transporte/linha-1-azul-conheca-a-historia-da-primeira-linha-de-metro-de-sp/},
        year = {2023},
	note   = {Acesso em: 22 mar. 2024}
}

@article{li2019multi,
  title={Multi-objective optimization for designing of high-speed train cabin ventilation system using particle swarm optimization and multi-fidelity Kriging},
  author={Li, Nan and Yang, Lin and Li, Xiaodong and Li, Xiangdong and Tu, Jiyuan and Cheung, Sherman CP},
  journal={Building and Environment},
  volume={155},
  pages={161--174},
  year={2019},
  publisher={Elsevier}
}

@article{konstantinov2015numerical,
  title={Numerical simulation of the thermal comfort in a train cabin},
  author={Konstantinov, Mikhail and Wagner, Claus},
  journal={International Journal of Railway Technology},
  volume={4},
  number={3},
  pages={69--88},
  year={2015},
  publisher={Saxe-Coburg}
}

@article{katavoutas2016determination,
  title={On the determination of the thermal comfort conditions of a metropolitan city underground railway},
  author={Katavoutas, George and Assimakopoulos, Margarita N and Asimakopoulos, Dimosthenis N},
  journal={Science of the Total Environment},
  volume={566},
  pages={877--887},
  year={2016},
  publisher={Elsevier}
}

@article{casellisimulaccao,
  title={SIMULA{\c{C}}{\~A}O DO SISTEMA TERMORREGULADOR DO CORPO HUMANO NO TREM/METR{\^O}},
  author={Caselli, Lucas and Neto, Cyro Albuquerque},
  year={2023}
}

@article{edition20092009,
  title={2009 ASHRAE{\textregistered} HANDBOOK},
  author={ASHRAE HANDBOOK FUNDAMENTALS},
  year={2009}
}


@book{ASHRAE2009,
  title={American Society of Heating, Refrigeration and Air-Conditioning Engineers.},
  author={{ASHRAE}},
  publisher={Handbook: Fundamentals},
  year={2009},
  volume={}
}

@article{fanger1970thermal,
  title={Thermal comfort. Analysis and applications in environmental engineering.},
  author={Fanger, Poul O},
  year={1970}
}


@book{ccengel2006termodinamica,
  title={Termodin{\^a}mica},
  author={{\c{C}}engel, Yunus A and others},
  volume={5{\textordfeminine} edi{\c{c}{\~a}o}},
  year={2006},
  publisher={McGraw-Hill Brasil}
}

@book{nussenzveig2018curso,
  title={Curso de F{\'\i}sica B{\'a}sica: fluidos, oscila{\c{c}}{\~o}es e ondas, calor},
  author={Nussenzveig, Herch Moys{\'e}s},
  volume={2},
  year={2018},
  publisher={Editora Blucher}
}

@book{yunus2003heat,
  title={Heat transfer: a practical approach},
  author={{\c{C}}engel, Yunus A  and others},
  volume={2{\textordfeminine} edi{\c{c}{\~a}o}},
  year={2003},
  publisher={McGraw-Hill}
}

@online{BERNA,
	author = {IGBE},
	title = {IBGE Cidades},
	url = {https://moodle.fei.edu.br/course/view.php?id=375},
    year = {2022},
	note =    {Acesso em: 22 mar. 2024}
}

@article{en200614750,
  title={14750-2 “Railway applications--Air conditioning for urban and suburban rolling stock “},
  author={EN, BS},
  journal={European Standard},
  year={2006}
}

@article{handbook2006american,
  title={American Society of Heating},
  author={ASHRAE},
  journal={Refrigeration and Air Conditioning},
  year={2006}
}

@article{TCCThomas,
  title={Comparativo do Conforto Térmico entre as Linhas Vermelha e Azul do Metrô de São Paulo Utilizando o Método de Volumes Finitos},
  author={Theodoro, Ana Beatriz Monteiro and Perez, Bárbara Fiocchi and Yatim, Fuad Jamil and Nakamura, Gustavo and Guariza, Rafael de Olveira},
  year={2023}
}


@book{livrocetesb,
  title={Ventilação Industrial},
  author={CETESB and Assunção, José Vicente},
  volume={},
  year={1996},
  publisher={},
   }

@article{kerschbaumer2013microcontroladores,
  title={Microcontroladores},
  author={Kerschbaumer, Ricardo},
  journal={Santa Catarina, Brasil},
  year={2013}
}

@book{peric2002computational,
  title={Computational methods for fluid dynamics},
  author={Peric, Milovan and Ferziger, Joel H},
  journal={Spring-Verlag: Berlin},
  volume={3},
  year={2002}
}

@book{ventilacaoindustrial,
  title={Ventilação Industrial e Controle da Poluição},
  author={Macintyre, Archibald Joseph},
  volume={},
  year={1988},
  publisher={Editora Guanabara}
}

@article{NDIR,
  title={Carbon Dioxide Sensor Module Based on NDIR Technology},
  author={Zhou, Libing and He, Yaoyi and Zhang, Qing and Zhang, Lei},
  journal={Micromachines},
  volume={12},
  pages={845--855},
  year={2021},
  publisher={MDPI}
}

@article{pm25,
  title={The impact of PM2.5 on the human respiratory system},
  author={Xing, Yu-Fei and Xu, Yue-Hua and Shi, Min-Hua and Lian, Yi-Xin},
  journal={Journal of Thoracic Disease},
  volume={8},
  pages={69--74},
  year={2016},
  publisher={PubMed Central}
}

@article{piezo,
  title={MEMS Piezoresistive Pressure Sensor: A Survey},
  author={Meti, Shwetha and Balavald, B. Kirankumar and Sheeparmatti, B. G.},
  journal={Journal of Engineering Research and Applications},
  volume={6},
  pages={23--31},
  year={2016},
  publisher={Ijera}
}

@online{frotaJ,
	author = {Renato Lobo},
	title = {Metrô vai contratar sensor para truques da frota J},
	url = {https://viatrolebus.com.br/2023/02/metro-vai-contratar-sensor-para-truques-da-frota-j/},
        year = {2023},
	note   = {Acesso em: 09 mai. 2024}
}

@online{Arduino-Temperature-Control-Library,
  author = {Miles Burton},
  year = {2024},
  title = {DallasTemperature},
  url = {https://www.arduino.cc/reference/en/libraries/dallastemperature/},
  note =    {Acesso em: 09 mar. 2024}
}

@online{UNO,
  author = {Arduino Documentation},
  year = {2024},
  title = {Nano Datasheet},
  url = {https://docs.arduino.cc/hardware/nano/},
  note =    {Acesso em: 26 abr. 2024}
}

@online{254MicroSD,
  author = {Adafruit Industries},
  year = {2024},
  title = {Micro SD Card Breakout Board Tutorial},
  url = {https://learn.adafruit.com/adafruit-micro-sd-breakout-board-card-tutorial/download},
  note =    {Acesso em: 08 mar. 2024}
}

@online{ClosedCubeHDC1080,
  author = {ClosedCube},
  year = {2024},
  title = {ClosedCube HDC1080},
  url = {https://www.arduino.cc/reference/en/libraries/closedcube-hdc1080/},
  note =    {Acesso em: 09 mar. 2024}
}

@online{Adafruit_SCD30,
  author = {Adafruit},
  year = {2024},
  title = {Adafruit SCD30},
  url = {https://www.arduino.cc/reference/en/libraries/adafruit-scd30/},
  note =    {Acesso em: 09 mar. 2024}
}

@online{ArduinoPMS,
  author = {Mariusz Kacki},
  year = {2024},
  title = {PMS Library},
  url = {https://www.arduino.cc/reference/en/libraries/pms-library/},
  note =    {Acesso em: 09 mar. 2024}
}

@online{Adafruit_BMP280,
  author = {Adafruit},
  year = {2024},
  title = {Adafruit BMP280 Library},
  url = {https://www.arduino.cc/reference/en/libraries/adafruit-bmp280-library/},
  note =    {Acesso em: 10 mar. 2024}
}

@online{Mapametro,
  author = {Ricardo Meier},
  year = {2024},
  title = {Veja o mapa de estações do Metrô e CPTM},
  url = {https://www.metrocptm.com.br/veja-o-mapa-de-estacoes-do-metro-e-cptm/},
  note =    {Acesso em: 10 mai. 2024}
}

@online{DS18B20,
  author = {Dallas Semiconductor},
  year = {2019},
  title = {DS18B20 Programmable Resolution 1-Wire® Digital Thermometer},
  url = {https://www.alldatasheet.com/datasheet-pdf/pdf/58557/DALLAS/DS18B20.html},
  note =    {Acesso em: 07 mai. 2024}
}

@online{HDC1080,
  author = {Texas Instruments},
  year = {2016},
  title = {HDC1080 Low Power, High Accuracy Digital Humidity Sensor with Temperature Sensor},
  url = {https://www.ti.com/lit/ds/symlink/hdc1080.pdf?ts=1715331504738&ref_url=https%253A%252F%252Fwww.google.com%252F},
  note =    {Acesso em: 07 mai. 2024}
}

@online{SCD30,
  author = {SENSIRION},
  year = {2020},
  title = {Datasheet Sensirion SCD30 Sensor Module CO2, humidity, and temperature sensor},
  url = {https://sensirion.com/media/documents/4EAF6AF8/61652C3C/Sensirion_CO2_Sensors_SCD30_Datasheet.pdf},
  note =    {Acesso em: 07 mai. 2024}
}

@online{PMS5003,
  author = {PLANTOWER},
  year = {2016},
  title = {Digital universal particle concentration sensor PMS5003 series data manual},
  url = {https://www.digikey.jp/htmldatasheets/production/2903006/0/0/1/pms5003-series-manual.html},
  note =    {Acesso em: 07 mai. 2024}
}

@online{BMP280,
  author = {Bosch Sensortec},
  year = {2015},
  title = {Data sheet BMP280 Digital Pressure Sensor},
  url = {https://www.bosch-sensortec.com/media/boschsensortec/downloads/datasheets/bst-bmp280-ds001.pdf},
  note =    {Acesso em: 07 mai. 2024}
}