@online{aula7,
	author = {Mohammad H. Shaterzadeh},
	title = {Aula 7 - Elemento de Pórtico},
	url    = {https://moodle.fei.edu.br/course/view.php?id=413. },
	note   = {Acesso em: 27 abril. 2023 as 12:50}
}


@online{aula6,
	author = {Mohammad H. Shaterzadeh},
	title = {Aula 6 - Elemento de Vigas},
	url    = {https://moodle.fei.edu.br/course/view.php?id=413. },
	note   = {Acesso em: 27 abril. 2023 as 12:50}
}

@online{amortece,
	author = {EntendAntes},
	title = {Aprenda agora o que são as vigas e qual sua função},
	url    = {https://entendaantes.com.br/vigas/},
	note   = {Acesso em: 28 Abril. 2023 as 20:30}
}

@online{canal,
	author = {Treicap},
	title = {Cursos - Operação de Maquinas e Equipamentos},
	url    = {https://treicap.com.br/cursos/view/id/12/operador-de-portico-rolante.html},
	note   = {Acesso em: 28 Abril. 2023 as 20:30}
}


@online{nakata,
	author = {RDG Aços do Brasil},
	title = {Concreto armado ou viga metálica?},
	url    = {https://www.rdgacosdobrasil.com.br/concreto-armado-ou-viga-metalica/},
	note   = {Acesso em: 28 Abril. 2023 as 20:30}
}
