@book{machado2015teoria,
  title={Teoria da usinagem dos materiais},
  author={Machado, {\'A}lisson Rocha and Coelho, Reginaldo Teixeira and Abr{\~a}o, Alexandre Mendes and da Silva, M{\'a}rcio Bacci},
  year={2015},
  publisher={Editora Blucher}
}

@article{peixoto2013analise,
  title={An{\'a}lise de estabilidade din{\^a}mica do fresamento de topo de placas considerando o amortecimento do processo},
  author={Peixoto, Mariana and others},
  year={2013},
  publisher={Universidade do Estado de Santa Catarina}
}

