@online{inicio,
	author = {{São Paulo Governo do Estado}},
	title = {Metrô completa 39 anos facilitando a mobilidade urbana em São Paulo},
	url = {https://www.saopaulo.sp.gov.br/sala-de-imprensa/release/metro-completa-39-anos-facilitando-a-mobilidade-urbana-em-sao-paulo/#:~:text=Metr\%C3\%B4\%20completa\%2039\%20anos\%20facilitando\%20a\%20mobilidade\%20urbana\%20em\%20S\%C3\%A3o\%20Paulo-No\%20dia\%2014&text=H\%C3\%A1\%2039\%20anos\%2C\%20no\%20dia(Linha\%201\%2DAzul)},
	year = {2013},
	note   = {Acesso em: 25 out. 2024}
}


@online{Trens_e_frotas,
	author = {{Metrô de SP}},
	title = {Trens e Frota},
	url = {https://www.metro.sp.gov.br/tecnologia/trens-frota/},
	note   = {Acesso em: 19 nov. 2024}
}

@online{TESTO_405,
	author = {Testo},
	title = {testo 405 - Pocket-sized thermal anemometer},
	url = {https://www.testo.com/en-US/testo-405/p/0560-4053},
	note   = {Acesso em: 19 nov. 2024}
}


@online{MetroSP,
	author = {{Metrô de SP}},
	title = {Canal de Transparência do Metrô de SP},
	url = {https://transparencia.metrosp.com.br/dataset/canais-de-atendimento-ger\%C3\%AAncia-de-opera\%C3\%A7\%C3\%B5es},
	year = {2023},
	note   = {Acesso em: 08 mar. 2024}
}

@online{cnt,
	author = {{CNT}},
	title = {Metrô e trem são os meios de transporte coletivo que mais cresceram em SP},
	url = {https://cnt.org.br/agencia-cnt/metro-trem-meios-mais-cresceram-sao-paulo},
	year = {2018},
	note   = {Acesso em: 04 out. 2024}
}

@online{IBGE,
	author = {IBGE},
	title = {IBGE Cidades},
	url = {https://cidades.ibge.gov.br/brasil/sp/sao-paulo/panorama},
	year = {2022},
	note =    {Acesso em: 22 mar. 2024}
}

@online{Metro,
	author = {Redação Mobilidade},
	title = {Linha 1-Azul: conheça a história da primeira linha de metrô de SP},
	url = {https://mobilidade.estadao.com.br/meios-de-transporte/linha-1-azul-conheca-a-historia-da-primeira-linha-de-metro-de-sp/},
	year = {2023},
	note   = {Acesso em: 22 mar. 2024}
}

@article{li2019multi,
  title={Multi-objective optimization for designing of high-speed train cabin ventilation system using particle swarm optimization and multi-fidelity Kriging},
  author={Li, Nan and Yang, Lin and Li, Xiaodong and Li, Xiangdong and Tu, Jiyuan and Cheung, Sherman CP},
  journal={Building and Environment},
  volume={155},
  pages={161--174},
  year={2019},
  publisher={Elsevier}
}

@article{konstantinov2015numerical,
  title={Numerical simulation of the thermal comfort in a train cabin},
  author={Konstantinov, Mikhail and Wagner, Claus},
  journal={International Journal of Railway Technology},
  volume={4},
  number={3},
  pages={69--88},
  year={2015},
  publisher={Saxe-Coburg}
}

@article{katavoutas2016determination,
  title={On the determination of the thermal comfort conditions of a metropolitan city underground railway},
  author={Katavoutas, George and Assimakopoulos, Margarita N and Asimakopoulos, Dimosthenis N},
  journal={Science of the Total Environment},
  volume={566},
  pages={877--887},
  year={2016},
  publisher={Elsevier}
}

@article{casellisimulaccao,
  title={SIMULA{\c{C}}{\~A}O DO SISTEMA TERMORREGULADOR DO CORPO HUMANO NO TREM/METR{\^O}},
  author={Caselli, Lucas and Neto, Cyro Albuquerque},
  year={2023}
}

@article{edition20092009,
  title={2009 ASHRAE {\textregistered} HANDBOOK},
  author={ASHRAE HANDBOOK FUNDAMENTALS},
  year={2009}
}

@book{ASHRAE2009,
  title={American Society of Heating, Refrigeration and Air-Conditioning Engineers.},
  author={ASHRAE},
  publisher={Handbook: Fundamentals},
  year={2009},
  volume={}
}

@article{fanger1970thermal,
  title={Thermal comfort. Analysis and applications in environmental engineering.},
  author={Fanger, Poul O},
  year={1970}
}

@article{cengel1998heat,
  title={Heat transfer: a practical approach},
  author={Cengel, Yunus A},
  journal={(No Title)},
  year={1998}
}

@book{nussenzveig2018curso,
  title={Curso de F{\'\i}sica B{\'a}sica: fluidos, oscila{\c{c}}{\~o}es e ondas, calor},
  author={Nussenzveig, Herch Moys{\'e}s},
  volume={2},
  year={2018},
  publisher={Editora Blucher}
}

@book{yunus2003heat,
  title={Heat transfer: a practical approach},
  author={{Yunus A, \c{C}}engel and others},
  volume={2{\textordfeminine} edi{\c{c}{\~a}o}},
  year={2003},
  publisher={McGraw-Hill}
}

@online{BERNA,
	author = {IGBE},
	title = {IBGE Cidades},
	url = {https://moodle.fei.edu.br/course/view.php?id=375},
    year = {2022},
	note =    {Acesso em: 22 mar. 2024}
}

@article{handbook2006american,
  title={American Society of Heating},
  author={ASHRAE},
  journal={Refrigeration and Air Conditioning},
  year={2006}
}

@article{TCCThomas,
  title={Comparativo do Conforto Térmico entre as Linhas Vermelha e Azul do Metrô de São Paulo Utilizando o Método de Volumes Finitos},
  author={Theodoro, Ana Beatriz Monteiro and Perez, Bárbara Fiocchi and Yatim, Fuad Jamil and Nakamura, Gustavo and Guariza, Rafael de Olveira},
  year={2023}
}

@book{livrocetesb,
  title={Ventilação Industrial},
  author={CETESB and Assunção, José Vicente},
  volume={},
  year={1996},
  publisher={},
}

@article{kerschbaumer2013microcontroladores,
  title={Microcontroladores},
  author={Kerschbaumer, Ricardo},
  journal={Santa Catarina, Brasil},
  year={2013}
}

@book{peric2002computational,
  title={Computational methods for fluid dynamics},
  author={Peric, Milovan and Ferziger, Joel H},
  journal={Spring-Verlag: Berlin},
  volume={3},
  year={2002}
}

@book{ventilacaoindustrial,
  title={Ventilação Industrial e Controle da Poluição},
  author={Macintyre, Archibald Joseph},
  volume={},
  year={1988},
  publisher={Editora Guanabara}
}

@article{NDIR,
  title={Carbon Dioxide Sensor Module Based on NDIR Technology},
  author={Zhou, Libing and He, Yaoyi and Zhang, Qing and Zhang, Lei},
  journal={Micromachines},
  volume={12},
  pages={845--855},
  year={2021},
  publisher={MDPI}
}

@article{pm25,
  title={The impact of PM2.5 on the human respiratory system},
  author={Xing, Yu-Fei and Xu, Yue-Hua and Shi, Min-Hua and Lian, Yi-Xin},
  journal={Journal of Thoracic Disease},
  volume={8},
  pages={69--74},
  year={2016},
  publisher={PubMed Central}
}

@article{piezo,
  title={MEMS Piezoresistive Pressure Sensor: A Survey},
  author={Meti, Shwetha and Balavald, B. Kirankumar and Sheeparmatti, B. G.},
  journal={Journal of Engineering Research and Applications},
  volume={6},
  pages={23--31},
  year={2016},
  publisher={Ijera}
}

@online{frotaL,
	author = {Ricardo Meier},
	title = {Em reportagem, TV Globo distorce fatos sobre falhas no Metrô},
	url = {https://www.metrocptm.com.br/em-reportagem-tv-globo-distorce-fatos-sobre-falhas-no-metro/},
    year = {2023},
	note   = {Acesso em: 03 set. 2024}
}

@online{Arduino-Temperature-Control-Library,
  author = {Miles Burton},
  year = {2024},
  title = {DallasTemperature},
  url = {https://www.arduino.cc/reference/en/libraries/dallastemperature/},
  note =    {Acesso em: 09 mar. 2024}
}

@online{UNO,
  author = {{Arduino Documentation}},
  year = {2024},
  title = {Nano Datasheet},
  url = {https://docs.arduino.cc/hardware/nano/},
  note =    {Acesso em: 26 abr. 2024}
}

@online{ArdMicroSD,
  author = {{Arduino}},
  year = {2024},
  title = {SD Library for Arduino},
  url = {https://www.arduino.cc/reference/en/libraries/sd/},
  note =    {Acesso em: 20 set. 2024}
}

@online{prototype,
  author = {{PROTOTYPE DIY}},
  year = {2024},
  title = {Catalex Micro SD Card Module},
  url = {https://www.prototypediy.co.za/product/catalex-micro-sd-card-module/},
  note =    {Acesso em: 20 set. 2024}
}

@online{ClosedCubeHDC1080,
  author = {ClosedCube},
  year = {2024},
  title = {ClosedCube HDC1080},
  url = {https://www.arduino.cc/reference/en/libraries/closedcube-hdc1080/},
  note =    {Acesso em: 09 mar. 2024}
}

@online{Adafruit_SCD30,
  author = {Adafruit},
  year = {2024},
  title = {Adafruit SCD30},
  url = {https://www.arduino.cc/reference/en/libraries/adafruit-scd30/},
  note =    {Acesso em: 09 mar. 2024}
}

@online{ArduinoPMS,
  author = {Mariusz Kacki},
  year = {2024},
  title = {PMS Library},
  url = {https://www.arduino.cc/reference/en/libraries/pms-library/},
  note =    {Acesso em: 09 mar. 2024}
}

@online{Adafruit_BMP280,
  author = {Adafruit},
  year = {2024},
  title = {Adafruit BMP280 Library},
  url = {https://www.arduino.cc/reference/en/libraries/adafruit-bmp280-library/},
  note =    {Acesso em: 10 mar. 2024}
}

@online{Mapametro,
  author = {Ricardo Meier},
  year = {2024},
  title = {Veja o mapa de estações do Metrô e CPTM},
  url = {https://www.metrocptm.com.br/veja-o-mapa-de-estacoes-do-metro-e-cptm/},
  note =    {Acesso em: 10 mai. 2024}
}

@online{DS18B20,
  author = {{Dallas Semiconductor}},
  year = {2019},
  title = {DS18B20 Programmable Resolution 1-Wire® Digital Thermometer},
  url = {https://www.alldatasheet.com/datasheet-pdf/pdf/58557/DALLAS/DS18B20.html},
  note =    {Acesso em: 07 mai. 2024}
}

@online{HDC1080,
  author = {{Texas Instruments}},
  year = {2016},
  title = {HDC1080 Low Power, High Accuracy Digital Humidity Sensor with Temperature Sensor},
  url = {https://www.ti.com/lit/ds/symlink/hdc1080.pdf?ts=1715331504738&ref_url=https\%253A\%252F\%252Fwww.google.com\%252F},
  note =    {Acesso em: 07 mai. 2024}
}

@online{SCD30,
  author = {SENSIRION},
  year = {2020},
  title = {Datasheet Sensirion SCD30 Sensor Module CO2, humidity, and temperature sensor},
  url = {https://sensirion.com/media/documents/4EAF6AF8/61652C3C/Sensirion_CO2_Sensors_SCD30_Datasheet.pdf},
  note =    {Acesso em: 07 mai. 2024}
}

@online{PMS5003,
  author = {PLANTOWER},
  year = {2016},
  title = {Digital universal particle concentration sensor PMS5003 series data manual},
  url = {https://www.digikey.jp/htmldatasheets/production/2903006/0/0/1/pms5003-series-manual.html},
  note =    {Acesso em: 07 mai. 2024}
}

@online{BMP280,
  author = {{Bosch Sensortec}},
  year = {2015},
  title = {Data sheet BMP280 Digital Pressure Sensor},
  url = {https://www.bosch-sensortec.com/media/boschsensortec/downloads/datasheets/bst-bmp280-ds001.pdf},
  note =    {Acesso em: 07 mai. 2024}
}

@online{imgBMP280,
  author = {{Eletronik LV}},
  year = {2024},
  title = {SENSOR DE PRESSÃO E TEMPERATURA BMP280},
  url = {https://eletroniklv.com.br/sensor-de-pressao-e-temperatura-bmp280},
  note =    {Acesso em: 07 mai. 2024}
}

@online{barrapinomacho,
  author = {Usinainfo},
  year = {2024},
  title = {Barra de pinos macho 1x40 vias com passo de 2,54mm 180° - Preto},
  url = {https://www.usinainfo.com.br/barras-de-pinos/barra-de-pinos-macho-1x40-vias-com-passo-de-254mm-180-preto-2748.html},
  note =    {Acesso em: 30 out. 2024}
}

@online{barrapinofemea,
  author = {{Ryndack Componentes}},
  year = {2024},
  title = {Barra de Pinos Fêmea 1x20 Passo 2,54mm (MCI)},
  url = {https://www.ryndackcomponentes.com.br/barra-de-pinos-femea-1x20-passo-2-54mm-mci.html},
  note =    {Acesso em: 30 out. 2024}
}

@article{sousaPCB,
  title={Controle de fresadora para prototipagem de circuitos impressos},
  author={Sousa, Flavia Maria Guerra de},
  journal={Universidade Estadual de Campinas, Faculdade de Engenharia Elétrica e de Computação},
  year={1998},
  publisher={Unicamp}
}

@online{imgpiezo,
  author = {{AVNET abacus}},
  year = {2024},
  title = {Piezoresistive pressure sensors},
  url = {https://my.avnet.com/abacus/solutions/technologies/sensors/pressure-sensors/core-technologies/piezoresistive-strain-gauge/},
  note =    {Acesso em: 07 mai. 2024}
}

@article{abnt216401,
  title={NBR 16401-2.(2008)},
  author={{ABNT NBR 16401-2}},
  year={2008},
  journal={Instala{\c{c}}{\~o}es de ar-condicionado--sistemas centrais e unit{\'a}rios, parte 2: Par{\^a}metros de conforto t{\'e}rmico}
}

@article{mccullough1984comprehensive,
  title={A comprehensive data base for estimating clothing insulation},
  author={McCullough, Elizabeth A and Jones, Byron W},
  journal={Institute for Environmental Research, Manhattan, KS},
  year={1984},
  publisher={Citeseer}
}

@article{ashrae2005ashrae,
  title={ASHRAE handbook-fundamentals (SI)},
  author={ASHRAE, ASC},
  journal={American Society of Heating, Refrigerating \& Air Conditioning},
  year={2005}
}

@online{LM2576DCDC,
  author = {Eletrogate},
  year = {2024},
  title = {Módulo Regulador de Tensão Step Down LM2576 DC-DC 60V},
  url = {https://www.eletrogate.com/modulo-regulador-de-tensao-step-down-lm2576-dc-dc-60v},
  note =    {Acesso em: 24 mai. 2024}
}

@online{TILM2576HV,
  author = {{Texas Instruments}},
  year = {2023},
  title = {LM2576xx Series SIMPLE SWITCHER® Power Converter 3-A Step-Down Voltage Regulator},
      url = {https://www.ti.com/product/LM2576HV},
  note =    {Acesso em: 24 mai. 2024}
}

@article{ejury2013buck,
  title={Buck converter design},
  author={Ejury, Jens},
  journal={Infineon Technologies North America (TFNA) Corn Desion Note},
  volume={1},
  number={2013},
  year={2013}
}

@online{micro_usb,
  author = {Eletrogate},
  year = {2021},
  title = {Módulo Adaptador Micro USB Fêmea para DIP},
    url = {https://www.eletrogate.com/modulo-adaptador-micro-usb-femea-para-dip},
  note =    {Acesso em: 03 set. 2024}
}

@article{dubois1916formula,
  title={A formula to estimate the approx-imate surface area if height and weight be known},
  author={DuBois, Delafield},
  journal={Arch intern med},
  volume={17},
  pages={863--871},
  year={1916}
}

@book{aastrand2003textbook,
  title={Textbook of work physiology: physiological bases of exercise},
  author={{\AA}strand, Per-Olof},
  year={2003},
  publisher={Human kinetics}
}  
  
@article{mccullough1989data,
  title={A data base for determining the evaporative resistance of clothing},
  author={McCullough, EA},
  journal={Ashrae Trans.},
  volume={95},
  pages={316--328},
  year={1989}
}

@inproceedings{kreith1999mechanical,
  title={Mechanical Engineering Handbook Ed. Frank Kreith Boca Raton: CRC Press LLC, 1999},
  author={Kreith, F and Berger, SA and others},
  booktitle={Intelligent Transportation Systems},
  volume={10},
  year={1999}
}

@book{ozicsik1993heat,
  title={Heat conduction},
  author={{\"O}z{\i}{\c{s}}{\i}k, M Necati},
  year={1993},
  publisher={John Wiley \& Sons}
}

@book{ccengel2008heat,
  title={Heat Transfer. Thermodynamics and Heat Transfer Second Editions. sl},
  author={{\c{C}}engel, YA},
  year={2008},
  publisher={Mc Graw Hill}
}

@article{berglund1977evaporation,
  title={Evaporation of sweat from sedentary man in humid environments},
  author={Berglund, LARRY G and Gonzalez, Richard R},
  journal={Journal of Applied Physiology},
  volume={42},
  number={5},
  pages={767--772},
  year={1977}
}

@article{azer1982design,
  title={Design guidelines for spot cooling systems: Part 1. assessing the acceptability of the environment},
  author={Azer, NZ},
  journal={ASHRAE Trans.;(United States)},
  volume={88},
  number={CONF-820112-},
  year={1982},
  publisher={Kansas State Univ., Manhattan, KS}
}

@article{handbook2017ashrae,
  title={ASHRAE Fundamentals Handbook},
  author={ASHRAE},
  year={2017}
}

@article{ashrae2016,
  title={Standard 62.1 - Ventilation for Acceptable Indoor Air Quality},
  author={ASHRAE},
  year={2016}
}

@article{astmD6245,
  title={Standard Guide on the Relationship of Indoor Carbon Dioxide Concentrations to Indoor Air Quality and Ventilation - D6245 − 24},
  author={ASTM},
  year={2024}
}

@article{ashrae2001,
  title={Demand Control Ventilation Using CO2},
  author={ASHRAE},
  journal={ASHRAE Journal},
  year={2001}
}

@article{ashrae2013ashrae,
  title={ASHRAE 90.1--2013 (SI) Standard 90.1--2013 (SI Edition)—Energy Standard for Buildings Except Low-Rise Residential Buildings},
  author={ASHRAE},
  journal={Atlanta, GA: ASHRAE},
  year={2013}
}

@article{sarfraz2018experimental,
  title={Experimental methodology and results for heat gains from various office equipment (ASHRAE RP-1742)},
  author={Sarfraz, Omer and Bach, Christian K},
  journal={Science and Technology for the Built Environment},
  volume={24},
  number={4},
  pages={435--447},
  year={2018},
  publisher={Taylor \& Francis}
}

@misc{fanger1982robert,
  title={In Robert E Thermal comfort},
  author={Fanger, PO},
  year={1982},
  publisher={Krieger Publishing Company, Malabar, FL}
}

@article{barnett1994outliers,
  title={Outliers in statistical data},
  author={Barnett, Vic and Lewis, Toby},
  year={1994},
  publisher={John Wiley \& Sons Chichester, West Sussex}
}

@article{curtis2016mystery,
  title={The mystery of the Z-score},
  author={Curtis, Alexander E and Smith, Tanya A and Ziganshin, Bulat A and Elefteriades, John A},
  journal={Aorta},
  volume={4},
  number={04},
  pages={124--130},
  year={2016},
  publisher={Thieme Medical Publishers}
}

@article{chubb2012use,
  title={The use of Z-scores in paediatric cardiology},
  author={Chubb, Henry and Simpson, John M},
  journal={Annals of pediatric cardiology},
  volume={5},
  number={2},
  pages={179--184},
  year={2012},
  publisher={Medknow}
}
  
@article{abnt15220,
  title={15220-2.(2003)},
  author={{ABNT NBR 15220-2}},
  year={2003},
  journal={Desempenho t{\'e}rmico de edifica{\c{c}}{\~o}es Parte 2: M{\'e}todos de c{\'a}lculo da transmit{\^a}ncia t{\'e}rmica, da capacidade t{\'e}rmica, do atraso t{\'e}rmico e do fator solar de elementos e componentes de edifica{\c{c}}{\~o}es}
}

@article{metrosp2024,
  title={Dados fornecidos para o TCC pelo Metrô São Paulo},
  author={{Metrô de São Paulo}},
  journal={Parceria FEI e Metrô Sâo Paulo},
  year={2024}
}

@online{horariosmetro,
	author = {{Metrô São Paulo}},
	title = {Horários das Estações},
	url = {https://www.metro.sp.gov.br/sua-viagem/horarios/horarios-estacoes/},
	note   = {Acesso em: 22 out. 2024}
}

@online{mm,
	author = {Equipe Toro Investimentos},
	title = {Média Móvel: aprenda o que é e como utilizar esse indicador},
	year={2024},
	url = {https://blog.toroinvestimentos.com.br/trading/media-movel/},
	note = {Acesso em: 22 out. 2024}
}

@article{bisi2009estrategias,
  title={Estrat{\'e}gias operacional para o mercado de a{\c{c}}{\~o}es: m{\'e}dia m{\'o}vel de 09 per{\'\i}odos},
  author={Bisi, Thiago Canez},
  year={2009}
}

@article{abnt17037,
  title={NBR 17037-2.(2024)},
  author={{ABNT NBR 17037-2}},
  year={2024},
  journal={Qualidade do ar interior em ambientes não residenciais climatizados artificialmente - Padr{\~o}es referenciais}
}

@article{stoco,
  title={Dióxido de carbono na cidade de São Paulo: medidas em superfície e análises sazonais},
  author={Stoco, Marcos Augusto},
  year={2022},
  journal={Instituto de Astronomia, Geofísica e Ciências Atmosféricas}
}

@article{silvaco2,
  title={Estudo da distribuição e evolução da concentração de dióxido de carbono em uma sala de aula},
  author={da Silva, B. L. and Odisi, F. and Noriler, D. and Reinehr, E. L.},
  journal={XX Congresso Brasileiro de Engenharia Química},
  volume={1},
  number={2},
  pages={12600 -- 12607},
  year={2015}
}

@online{anvisar9,
	author = {ANVISA},
	title = {Padrões Referenciais de Qualidade do Ar Interior em Ambientes Climatizados Artificialmente de Uso Público e Coletivo},
	url = {https://antigo.anvisa.gov.br/documents/10181/2718376/RE_09_2003_.pdf/8ccafc91-1437-4695-8e3a-2a97deca4e10},
	year={2003},
	note   = {Acesso em: 3 nov. 2024}
}

@article{abnt16655,
  title={16655-3.(2018)},
  author={{ABNT NBR 16655-3}},
  year={2018},
  journal={Instala{\c{c}}{\~o}es de sistemas residenciais de ar-condicionado-\textit{Split} e compacto Parte 3: M{\'e}todo de c{\'a}lculo da carga t{\'e}rmica residencial}
}

%and Cíntia Acayaba

@online{g1,
  author = {{Fernanda Elnor}},
  title = {50 anos do metrô no Brasil em números: 606 milhões de km percorridos e 33 bilhões de passageiros transportados em SP},
  url = {https://g1.globo.com/sp/sao-paulo/noticia/2024/09/14/50-anos-do-metro-no-brasil-em-numeros-606-milhoes-de-km-percorridos-e-33-bilhoes-de-passageiros-transportados-em-sp.ghtml},
  year = {2024},
  note = {Acesso em: 20 nov. 2024}
}

@phdthesis{ferreira2001modelo,
  title={Um modelo do sistema t{\'e}rmico do corpo humano.},
  author={Ferreira, Maur{\'\i}cio Silva},
  year={2001},
  school={Universidade de S{\~a}o Paulo}
}