@online{IPEN2002,
  author = {IPEN},
  year = {2002},
  title = {MDF – PROCESSO DE PRODUÇÃO, PROPRIEDADES E APLICAÇÕES},
  url = {https://www.ipen.br/biblioteca/cd/cbecimat/2002/arqs_pdf/pdf_200/tc206-028.pdf},
  organization = {Congresso brasileiro de engenharia e ciência dos materiais}
}


@online{UNO,
  author = {Maker Hero},
  year = {2023},
  title = {Placa Uno R3 + Cabo USB para Arduino},
  url = {https://www.makerhero.com/produto/placa-uno-r3-cabo-usb-para-arduino/},
}



@online{motor,
  author = {Action Modelismo},
  year = {2023},
  title = {MOTOR A2212 13T 1000KV BRUSHLESS DRONE F450 OUTRUNNER AEROMODELOS},
  url = {https://www.actionmodelismo.com.br/aeromodelismohelicopterosdronespecas/motora221213t1000kvbrushlessdronef450outrunneraeromodelos},
  organization = {}
}

@online{fimdecurso,
  author = {Baú da Eletrônica},
  year = {2023},
  title = {Módulo Chave Fim de Curso Para Arduino},
  url = {https://www.baudaeletronica.com.br/produto/modulo-chave-fim-de-curso-para-arduino.html?utm_source=Site&utm_medium=GoogleMerchant&utm_campaign=GoogleMerchant&gad_source=1&gclid=CjwKCAiAgeeqBhBAEiwAoDDhn1hVoThsWHf2SXgeREXPFssw3fdvhPCxUKQZyMN5wTKN2PwESbbtIhoC6GkQAvD_BwE},
  organization = {}
}

@online{infravermelho,
  author = {Baú da Eletrônica},
  year = {2023},
  title = {Módulo Sensor de Obstáculo Infravermelho IR},
  url = {https://www.baudaeletronica.com.br/produto/modulo-sensor-de-obstaculo-infravermelho-ir.html?utm_source=Site&utm_medium=GoogleMerchant&utm_campaign=GoogleMerchant&gad_source=1&gclid=CjwKCAiAgeeqBhBAEiwAoDDhnypL5ytLnS4pjfPL_3Pm9znSpOLYaN_Fto79F0-P-qYX62P_0mp0hxoCSOQQAvD_BwE},
  organization = {}

}