@online{history,
	author = {ROBOCUP},
	title = {A Brief History of RoboCup},
	url    = {https://www.robocup.org/a_brief_history_of_robocup},
	note   = {Acesso em: 19 maio. 2023 as 16:47}
}


@online{objective,
	author = {ROBOCUP},
	title = {Objective},
	url    = {https://www.robocup.org/objective},
	note   = {Acesso em: 19 maio. 2023 as 17:07}
}

@online{about,
	author = {SMALL SIZE LEAGUE},
	title = {About RoboCup Small Size League},
	url    = {https://entendaantes.com.br/vigas/},
	note   = {Acesso em: 19 maio. 2023 as 17:10}
}

@online{rules,
	author = {SMALL SIZE LEAGUE},
	title = {Rules},
	url    = {https://ssl.robocup.org/about/},
	note   = {Acesso em: 19 maio. 2023 as 17:20}
}

@online{ansys,
	author = {PUC-Rio},
	title = {ANÁLISE DE ESTRUTURA VIA ANSYS},
	url    = {https://www.maxwell.vrac.puc-rio.br/5111/5111_3.PDF},
	note   = {Acesso em: 19 maio. 2023 as 17:20}
}

@online{aula8,
	author = {Mohammad H. Shaterzadeh},
	title = {Aula 8 - Introdução ao ANSYS e elementos 1D},
	url    = {https://moodle.fei.edu.br/course/view.php?id=413 },
	note   = {Acesso em: 19 maio. 2023 as 20:10}
}

@online{aula11,
	author = {Mohammad H. Shaterzadeh},
	title = {Aula 11 - Análise Dinâmica},
	url    = {https://moodle.fei.edu.br/course/view.php?id=413 },
	note   = {Acesso em: 19 maio. 2023 as 20:20}
}

@online{aula13,
	author = {Mohammad H. Shaterzadeh},
	title = {Aula 13 - Convergência de malha},
	url    = {https://moodle.fei.edu.br/course/view.php?id=413 },
	note   = {Acesso em: 19 maio. 2023 as 20:30}
}
@online{git,
	author = {ROBOFEI},
	title = {Mechanics/RoboFEI 2023/Inventor/Conjunto Superior},
	url    = {https://gitlab.com/robofei/ssl/mechanics},
	note   = {Acesso em: 19 maio. 2023 as 20:40}
}
