@online{aula4,
	author = {Mohammad H. Shaterzadeh},
	title = {Aula 4: Elemento de mola 2D e Arranjo de Dados},
	url    = {https://moodle.fei.edu.br/course/view.php?id=413. },
	note   = {Acesso em: 24 março. 2023 as 19:15}
}

@online{aula3,
	author = {Mohammad H. Shaterzadeh},
	title = {Aula 3 - Método da sobreposição},
	url    = {https://moodle.fei.edu.br/course/view.php?id=413. },
	note   = {Acesso em: 24 março. 2023 as 14:15}
}

@online{aula2,
	author = {Mohammad H. Shaterzadeh},
	title = {Aula 2 - Formulação variacional},
	url    = {https://moodle.fei.edu.br/course/view.php?id=413. },
	note   = {Acesso em: 26 março. 2023 as 14:00}
}

@online{amortece,
	author = {Amortece Choque},
	title = {Amortecedores e Molas},
	url    = {http://www.amortecechoque.com.br/amortecedores-e-molas/#:~:text=Uma%20lombada%20causa%20o%20fechamento,mola%20para%20a%20posi%C3%A7%C3%A3o%20original
 },
	note   = {Acesso em: 25 março. 2023 as 10:00}
}

@online{canal,
	author = {Blog Canal da Peça},
	title = {Tudo o Que Você Precisa Saber Sobre Amortecedores},
	url    = {https://www.canaldapeca.com.br/blog/tudo-o-que-voce-precisa-saber-sobre-amortecedores/
 },
	note   = {Acesso em: 25 março. 2023 as 10:15}
}


@online{nakata,
	author = {Nakata Automotiva},
	title = {Amortecedor: entenda a importância e os riscos do mau funcionamento},
	month  = {novembro},
	year   = {2020},
	url    = {https://blog.nakata.com.br/amortecedor/
 },
	note   = {Acesso em: 25 março. 2023 as 10:30}
}
