@inproceedings{bordinassi2004investigaccoes,
  title={Investiga{\c{c}}{\~o}es sobre o processo de fura{\c{c}}{\~a}o},
  author={Bordinassi, {\'E}d Claudio and de Almeida Filho, Carlos Oscar Corr{\^e}a and Delijaicov, Sergio and Stipkovic Filho, Marco and Batalha, Gilmar Ferreira},
  booktitle={Workshop Novos Desenvolvimentos em Engenharia de Fabrica{\c{c}}{\~a}o},
  year={2004}
}

@article{diniz2002tecmat,
    author = {Diniz, Anselmo and Marcondes, Francisco Carlos and Coppini, Nivaldo Lemos},
    title = {TECNOLOGIA DA USINAGEM DOS MATERIAIS},
    journal = {Artliber},
    year = {2014}
}
#{diniz2002tecmat,
    author={Diniz, Anselmo and Marcondes, Francisco Carlos and Coppini, Nivaldo Lemos},
    title={TECNOLOGIA DA USINAGEM DOS MATERIAIS},
    publisher={Artliber},
    edition={9},
    year={2014},
}


@online{rules,
	author = {RoboCup, Small Size League},
	title = {Rules 2023},
    year   = {2023},
	url    = {https://ssl.robocup.org/rules/},
	note   = {Acesso em: 19 maio 2023}
}