@online{Formulario,
  author = {Mauro Moraes de Souza},
  year = {2023},
  title = {Formulários Projeto Forjado},
  url = {https://moodle.fei.edu.br/pluginfile.php/10009/mod_resource/content/6/Formul%C3%A1rios%20Projeto%20Forjado.pdf?redirect=1},
}

@online{Esfordos,
  author = {Mauro Moraes de Souza},
  year = {2023},
  title = {Esforços no Forjamento},
  url = {https://moodle.fei.edu.br/pluginfile.php/10007/mod_resource/content/2/10%20-%20Esfor%C3%A7os%20no%20Forjamento.pdf?redirect=1},
}

@online{Classificadao,
  author = {Mauro Moraes de Souza},
  year = {2023},
  title = {Classificação do Forjado},
  url = {https://moodle.fei.edu.br/pluginfile.php/10002/mod_resource/content/3/5%20-%20Classifica%C3%A7%C3%A3o%20do%20Forjado.pdf?redirect=1},
}

