@online{about,
	author = {RoboCup, Small Size League},
	title = {About RoboCup Small Size League},
        year   = {2023},
	url    = {https://ssl.robocup.org/about/},
	note   = {Acesso em: 19 maio 2023}
}

@online{rules,
	author = {RoboCup, Small Size League},
	title = {Rules 2023},
        year   = {2023},
	url    = {https://ssl.robocup.org/rules/},
	note   = {Acesso em: 19 maio 2023}
}

@article{kinematic,
        title={Kinematic modeling of wheeled mobile robots},
        author={Muir, Patrick F and Neuman, Charles P},
        journal={Journal of robotic systems},
        volume={4},
        number={2},
        pages={281--340},
        year={1987},
        publisher={Wiley Online Library}
}

@article{rojas2005omnidirectional,
  title={Omnidirectional control},
  author={Rojas, Raul},
  journal={Freie Universitat Berlin},
  volume={18},
  year={2005}
}


@online{Twente,
	author = {Robo Team Twente },
	title = {Omnidirectional Control},
	url = {https://wiki.roboteamtwente.nl/technical/control/omnidirectional},
        year = {2023},
	note   = {Acesso em: 06 set. 2023}
}

