@article{amorim2002estudo,
  title={Estudo da rela{\c{c}}{\~a}o entre velocidade de corte, desgaste de ferramenta, rugosidade e for{\c{c}}as de usinagem em torneamento com ferramenta de metal duro},
  author={Amorim, Heraldo Jos{\'e} de},
  year={2002},
  publisher={Universidade Federal do Rio Grande do Sul}
}

@online{sandivik,
	author = {SANDVIK Coromant},
	title  = {Problemas e soluções para desgaste em furação},
	url    = {https://www.sandvik.coromant.com/pt-pt/knowledge/drilling/drilling-wear-and-troubleshooting},
	note   = {Acesso em 26 out. 2023 as 14:00}
}

@article{silva2008investigaccao,
  title={Investiga{\c{c}}{\~a}o experimental da forma{\c{c}}{\~a}o do cavaco na usinagem do a{\c{c}}o ABNT 1045 e do ferro fundido nodular},
  author={Silva, M{\'a}rcio Aur{\'e}lio da and others},
  year={2008},
  publisher={Universidade Federal de Uberl{\^a}ndia}
}

@article{ribeiro2011investigaccao,
  title={Investiga{\c{c}}{\~a}o das Propriedades e Dimens{\~o}es da Zona de Fluxo na Usinagem de Metais},
  author={RIBEIRO, R and GON{\c{C}}ALVES, RICARDO AUGUSTO and MACHADO, {\'A}LISSON ROCHA},
  journal={UFU, Uberl{\^a}ndia},
  year={2011}
}

@article{camargo2016analise,
  title={An{\'a}lise da forma{\c{c}}{\~a}o de cavacos no torneamento de a{\c{c}}os inoxid{\'a}veis com emprego de um sistema de interrup{\c{c}}{\~a}o s{\'u}bita de corte (QSD)},
  author={Camargo, Jonathan Felipe and others},
  year={2016}
}

@article{de2009analise,
  title={An{\'a}lise da forma{\c{c}}{\~a}o do cavaco no torneamento do alum{\'\i}nio utilizando c{\^a}mera de alta velocidade},
  author={DE NOVAES, FELLIPE BIAZI and DE SOUZA, RAFAEL AGRIZZI},
  journal={Monografia (Engenharia Mec{\^a}nica). Universidade Federal do Esp{\'\i}rito Santo. Vit{\'o}ra--ES},
  pages={15},
  year={2009}
}

@article{dainfluencia,
  title={INFLU{\^E}NCIA DO {\'I}NDICE DE ESBELTEZ SOBRE A RUGOSIDADE DE PE{\c{C}}AS USINADAS},
  author={da S Filho, Antonio R and Abr{\~a}o, Alexandre M}
}

@article{hoffmann2020influencia,
  title={Influ{\^e}ncia dos par{\^a}metros de usinagem na rugosidade superficial e no perfil de dureza do a{\c{c}}o AISI 316L submetido a processo de torneamento},
  author={Hoffmann, Paulo},
  journal={Revista de Engenharia e Tecnologia},
  volume={12},
  number={4},
  year={2020}
}
